<record><leader>00000cas a2200000 a 4500</leader><controlfield tag="001">10983119</controlfield><controlfield tag="008">840725d18411862ohuwr ne      0    0eng d</controlfield><datafield ind1=" " ind2=" " tag="010"><subfield code="a">sn 84028386 </subfield></datafield><datafield ind1=" " ind2=" " tag="040"><subfield code="a">NPY</subfield><subfield code="b">eng</subfield><subfield code="c">NPY</subfield><subfield code="d">NPX</subfield><subfield code="d">DLC</subfield><subfield code="d">NPU</subfield><subfield code="d">ONP</subfield><subfield code="d">KNP</subfield><subfield code="d">OCL</subfield><subfield code="d">OCLCF</subfield><subfield code="d">OCLCO</subfield></datafield><datafield ind1=" " ind2=" " tag="042"><subfield code="a">msc</subfield></datafield><datafield ind1="0" ind2="0" tag="050"><subfield code="a">Newspaper</subfield></datafield><datafield ind1="0" ind2=" " tag="130"><subfield code="a">Trumbull Democrat (Warren, Ohio : 1841)</subfield></datafield><datafield ind1="0" ind2="0" tag="245"><subfield code="a">Trumbull Democrat.</subfield></datafield><datafield ind1=" " ind2=" " tag="260"><subfield code="a">Warren, [Ohio] :</subfield><subfield code="b">William Baldwin,</subfield><subfield code="c">1841-1862.</subfield></datafield><datafield ind1=" " ind2=" " tag="300"><subfield code="a">v.</subfield></datafield><datafield ind1=" " ind2=" " tag="310"><subfield code="a">Weekly</subfield></datafield><datafield ind1="0" ind2=" " tag="362"><subfield code="a">Vol. 3, no. 1 (June 15, 1841)-v. 23, no. 35 (Jan. 30, 1862).</subfield></datafield><datafield ind1=" " ind2=" " tag="500"><subfield code="a">Publishers: W. Baldwin, 1841-&lt;1842&gt;; S. Cotton, &lt;1843&gt;; J.C. Herrington, &lt;1844-1845&gt;; J.B. Buttles, &lt;1846-1847&gt;; J.B. Buttles &amp; E.B. Eshelman, 1849-1852; J.B. Buttles, 1852-&lt;1854&gt;; James Mills &amp; Wm. Ritzel, 1854; Wm. Ritezel, 1854-1862.</subfield></datafield><datafield ind1=" " ind2=" " tag="515"><subfield code="a">Suspended Apr. 26-June 14, 1860.</subfield></datafield><datafield ind1=" " ind2=" " tag="500"><subfield code="a">Editors: J.M. Edwards, &lt;1843&gt;; J.B. Buttles, 1844-&lt;1853&gt;; William Ritezel, 1854-July 26, 1860; D.B. Woods, Aug 2-Nov. 1, 1860; William Ritezel, Nov. 8, 1860-</subfield></datafield><datafield ind1=" " ind2="0" tag="651"><subfield code="a">Warren (Ohio)</subfield><subfield code="v">Newspapers.</subfield></datafield><datafield ind1=" " ind2="7" tag="655"><subfield code="a">Newspapers.</subfield><subfield code="2">fast</subfield><subfield code="0">(OCoLC)fst01423814</subfield></datafield><datafield ind1=" " ind2="7" tag="651"><subfield code="a">Ohio</subfield><subfield code="z">Warren.</subfield><subfield code="2">fast</subfield><subfield code="0">(OCoLC)fst01213681</subfield></datafield><datafield ind1=" " ind2=" " tag="752"><subfield code="a">United States</subfield><subfield code="b">Ohio</subfield><subfield code="c">Trumbull</subfield><subfield code="d">Warren.</subfield></datafield><datafield ind1="0" ind2="0" tag="780"><subfield code="t">Trumbull County Democrat</subfield><subfield code="w">(DLC)sn 84028407</subfield></datafield><datafield ind1="0" ind2="4" tag="785"><subfield code="t">Western Reserve chronicle (Warren, Ohio : 1855)</subfield><subfield code="w">(DLC)sn 84028385</subfield></datafield></record>